@article{fruitbat,
   title={Fruitbat: A Python Package for Estimating Redshifts of Fast Radio Bursts},
   volume={4},
   ISSN={2475-9066},
   url={http://dx.doi.org/10.21105/joss.01399},
   DOI={10.21105/joss.01399},
   number={37},
   journal={Journal of Open Source Software},
   publisher={The Open Journal},
   author={Batten, Adam},
   year={2019},
   pages={1399}
}

@article{Planck2018,
   title={Planck 2018 results},
   volume={641},
   journal={Astronomy \& Astrophysics},
   publisher={EDP Sciences},
   author={Aghanim, N. and Akrami, Y. and Ashdown, M. and Aumont, J. and Baccigalupi, C. and Ballardini, M. and Banday, A. J. and Barreiro, R. B. and Bartolo, N. and et al.},
   year={2020},
   pages={A6}
}

@article{Zhang2018,
	year = 2018,
	publisher = {American Astronomical Society},
	volume = {867},
	number = {2},
	pages = {L21},
	author = {Bing Zhang},
	title = {Fast Radio Burst Energetics and Detectability from High Redshifts},
	journal = {The Astrophysical Journal},
}

@article{Ioka2003,
   title={The Cosmic Dispersion Measure from Gamma-Ray Burst Afterglows: Probing the Reionization History and the Burst Environment},
   volume={598},
   number={2},
   journal={The Astrophysical Journal},
   publisher={American Astronomical Society},
   author={Ioka, Kunihito},
   year={2003},
   pages={L79â€“L82}
}

@article{Inoue2004,
    author = {Inoue, Susumu},
    title = "{Probing the cosmic reionization history and local environment of gamma-ray bursts through radio dispersion}",
    journal = {Monthly Notices of the Royal Astronomical Society},
    volume = {348},
    number = {3},
    pages = {999-1008},
    year = {2004},
}

@article{Petroff,
   title={FRBCAT: The Fast Radio Burst Catalogue},
   volume={33},
   journal={Publications of the Astronomical Society of Australia},
   publisher={Cambridge University Press (CUP)},
   author={Petroff, E. and Barr, E. D. and Jameson, A. and Keane, E. F. and Bailes, M. and Kramer, M. and Morello, V. and Tabbara, D. and van Straten, W.},
   year={2016}
}

@article{YMW16,
   title={A NEW ELECTRON-DENSITY MODEL FOR ESTIMATION OF PULSAR AND FRB DISTANCES},
   volume={835},
   ISSN={1538-4357},
   url={http://dx.doi.org/10.3847/1538-4357/835/1/29},
   DOI={10.3847/1538-4357/835/1/29},
   number={1},
   journal={The Astrophysical Journal},
   publisher={American Astronomical Society},
   author={Yao, J. M. and Manchester, R. N. and Wang, N.},
   year={2017},
   month={Jan},
   pages={29}
}